@article{Wang,
title = "Sensitivity analysis on chaotic dynamical systems by Non-Intrusive Least Squares Shadowing (NILSS)",
journal = "Journal of Computational Physics",
volume = "347",
pages = "56 - 77",
year = "2017",
issn = "0021-9991",
doi = "https://doi.org/10.1016/j.jcp.2017.06.033",
url = "http://www.sciencedirect.com/science/article/pii/S0021999117304783",
author = "Angxiu Ni and Qiqi Wang",
keywords = "Sensitivity analysis, Linear response, Chaos, Dynamical systems, Uniform hyperbolicity, Ergodicity, Least squares shadowing"
}
